@article{tehrani2022online,
  title={Online electricity theft detection framework for large-scale smart grid data},
  author={Tehrani, Soroush Omidvar and Shahrestani, Afshin and Yaghmaee, Mohammad Hossein},
  journal={Electric Power Systems Research},
  volume={208},
  pages={107895},
  year={2022},
  publisher={Elsevier}
}
@inproceedings{tehrani2020decision,
  title={Decision tree based electricity theft detection in smart grid},
  author={Tehrani, Soroush Omidvar and Moghaddam, Mohammad Hossein Yaghmaee and Asadi, Mohsen},
  booktitle={2020 4th International Conference on Smart City, Internet of Things and Applications (SCIOT)},
  pages={46--51},
  year={2020},
  organization={IEEE}
}